<?xml version="1.0" encoding="UTF-8"?><record xmlns="http://www.loc.gov/MARC21/slim" xmlns:cinclude="http://apache.org/cocoon/include/1.0" xmlns:zs="http://www.loc.gov/zing/srw/">
  <leader>00431cz  a2200133n  4500</leader>
  <controlfield tag="001">n 2005207274</controlfield>
  <controlfield tag="003">DLC</controlfield>
  <controlfield tag="005">20050927020938.0</controlfield>
  <controlfield tag="008">050927n| acannaabn          |a aaa      </controlfield>
  <datafield tag="010" ind1=" " ind2=" ">
    <subfield code="a">n 2005207274</subfield>
  </datafield>
  <datafield tag="040" ind1=" " ind2=" ">
    <subfield code="a">DLC</subfield>
    <subfield code="b">eng</subfield>
    <subfield code="c">DLC</subfield>
  </datafield>
  <datafield tag="100" ind1="0" ind2=" ">
    <subfield code="a">Latdā Rakʻitsara,</subfield>
    <subfield code="d">1951-</subfield>
  </datafield>
  <datafield tag="400" ind1="1" ind2=" ">
    <subfield code="a">Rakʻitsara, Latdā,</subfield>
    <subfield code="d">1951-</subfield>
  </datafield>
  <datafield tag="670" ind1=" " ind2=" ">
    <subfield code="a">Phlēng klō̜m dek "Phāk Tai" chā nō̜ng, 2002:</subfield>
    <subfield code="b">t.p. (Latdā Rakʻitsara) p. 135 (b. 26 Kumphāphan 2494)</subfield>
  </datafield>
</record>